Examples: https://www.overleaf.com/learn/latex/Bibliography_management_with_bibtex
%* Overview of types and fields: https://en.wikibooks.org/wiki/LaTeX/Bibliography_Management#BibTeX

@article{EvalDynSpeedometers,
  author = {Dipl.-Psych. cand.-Ing. Christoph Schulze, Dr. Tina Gehlert},
  journal = {},
  title = {Evaluation dynamischer Geschwindigkeitsrückmeldung},
  year = {2010},
  accessdate = {03.01.2023},
}

@misc{PhysikAbituraufgabe,
  author         = {Stark Verlag GmbH},
  title          = {Physik Abitur Original-Prüfungsaufgaben mit Lösungen},
  year           = {2022},
  note = {Physik Abitur Haupttermin 2017, Aufgabe I, 3.}
}

@online{AnfechtenMobileMessmethoden,
  author = {bussgeldkatalog.org},
  title = {Geschwindigkeitsmessung mittels Laser: Funktionsweise, Schwachstellen, Einspruch},
  year = {2022},
  url = {https://www.bussgeldkatalog.org/geschwindigkeitsmessung/laser/},
  accessdate = {05.01.2023},
}

@online{WikiLaserpistole,
    title = {Laserpistole (Geschwindigkeitsüberwachung)},
    url = {https://de.wikipedia.org/wiki/Laserpistol},
    accessdate = {05.01.2023},
}

@software{Audacity,
    author = {The Audacity Team and Community Contributors},
    title = {Audacity ®},
    url = {https://www.audacityteam.org/},
    version = {3.2.1},
    accessdate = {05.10.2022},
}

@online{SchalldruckMessen,
    author = {Bayerisches Landesamt für Umwelt},
    title = {Schall messen und beurteilen},
    url = {https://www.lfu.bayern.de/laerm/laerm_allgemein/schall_messen_beurteilen/index.htm},
    accessdate = {13.01.2023},
}

@online{SengpielSchallpegelEntfernung,
    author = {Eberhard Sengpiel},
    title = {Reziprokes Abstandsgesetz 1/r für Schalldruck},
    url = {http://www.sengpielaudio.com/Rechner-entfernung.htm},
    accessdate = {13.01.2023},
}

@online{SengpielSchallpegelAbstandsgesetz,
    author = {Eberhard Sengpiel},
    title = {Reziprokes Abstandsgesetz 1/r für Schalldruck},
    url = {http://www.sengpielaudio.com/Rechner-abstandsgesetz.htm},
    accessdate = {13.01.2023},
}

@online{SengpielDirektUndRaumfeld,
    author = {Eberhard Sengpiel},
    title = {Direktfeld D (Freifeld) und Raumfeld R (Diffusfeld)},
    url = {http://www.sengpielaudio.com/DirektfeldUndRaumfeld.pdf},
    accessdate = {13.01.2023},
}

@software{ProjectJupyter,
    author = {Fernando Pérez and Brian Granger},
    title = {Project Jupyter},
    url = {https://jupyter.org/},
    version = {7.4.8 (Client)},
    accessdate = {10.12.2022},
}

@software{Python,
    author = {Python Software Foundation},
    title = {Python ™},
    url = {https://www.python.org/},
    version = {3.9.13},
    accessdate = {10.12.2022},
}

@software{Matplotlib,
    author = {The Matplotlib Development Team},
    title = {Matplotlib},
    url = {https://matplotlib.org/},
    version = {3.4.3},
    accessdate = {10.12.2022},
}

@software{NumPy,
    author = {NumPy},
    title = {NumPy},
    url = {https://numpy.org/},
    version = {1.18.4},
    accessdate = {10.12.2022},
}

@online{WikiSchalldruckAbstand,
    title = {Schalldruck – Abstandsabhängigkeit},
    url = {https://de.wikipedia.org/wiki/Schalldruck#Abstandsabh%C3%A4ngigkeit},
    accessdate = {08.01.2023},
}

@online{SiemensRMS,
    title = {Root Mean Square (RMS) and Overall Level},
    url = {https://community.sw.siemens.com/s/article/root-mean-square-rms-and-overall-level},
    accessdate = {12.01.2023},
}

@online{BushnellRadarGun,
    title = {Bushnell Radar Gun},
    url = {https://www.bushnell.com/additional-products/speed-guns/velocity-speed-gun/BU-101911.html},
    accessdate = {15.01.2023},
}