Examples: https://www.overleaf.com/learn/latex/Bibliography_management_with_bibtex
%* Overview of types and fields: https://en.wikibooks.org/wiki/LaTeX/Bibliography_Management#BibTeX

@article{EvalDynSpeedometers,
  author = {Dipl.-Psych. cand.-Ing. Christoph Schulze, Dr. Tina Gehlert},
  journal = {},
  title = {Evaluation dynamischer Geschwindigkeitsrückmeldung},
  year = {2010},
  accessdate = {03.01.2023},
}

@online{AnfechtenMobileMessmethoden,
  author = {bussgeldkatalog.org},
  title = {Geschwindigkeitsmessung mittels Laser: Funktionsweise, Schwachstellen, Einspruch},
  year = {2022},
  url = {https://www.bussgeldkatalog.org/geschwindigkeitsmessung/laser/},
  accessdate = {05.01.2023},
}

@online{WikiLaserpistole,
    title = {Laserpistole (Geschwindigkeitsüberwachung)},
    year = {2022},
    url = {https://de.wikipedia.org/wiki/Laserpistol},
    accessdate = {05.01.2023},
}

@software{Audacity,
    author = {The Audacity Team and Community Contributors},
    title = {Audacity ®},
    url = {https://www.audacityteam.org/},
    version = {3.2.1},
    accessdate = {05.10.2022},
}

@online{SchalldruckMessen,
    author = {Bayerisches Landesamt für Umwelt},
    title = {Schall messen und beurteilen},
    url = {https://www.lfu.bayern.de/laerm/laerm_allgemein/schall_messen_beurteilen/index.htm},
    accessdate = {13.01.2023},
}

@online{SengpielSchallpegelEntfernung,
    author = {Eberhard Sengpiel},
    title = {Reziprokes Abstandsgesetz 1/r für Schalldruck},
    url = {{http://www.sengpielaudio.com/Rechner-entfernung.htm}, {http://www.sengpielaudio.com/Rechner-abstandsgesetz.htm}},
    accessdate = {13.01.2023},
}